<record><leader>00000cas a22000007a 4500</leader><controlfield tag="001">8399657</controlfield><controlfield tag="008">820505d18811906aruwr ne      0    0eng d</controlfield><controlfield tag="009">1356</controlfield><datafield ind1=" " ind2=" " tag="010"><subfield code="a">sn 93062878 </subfield></datafield><datafield ind1=" " ind2=" " tag="040"><subfield code="a">AFU</subfield><subfield code="b">eng</subfield><subfield code="c">AFU</subfield><subfield code="d">OCL</subfield><subfield code="d">DLC</subfield><subfield code="d">OCL</subfield><subfield code="d">YOX</subfield><subfield code="d">ANU</subfield><subfield code="d">KRTAS</subfield><subfield code="d">OCLCF</subfield><subfield code="d">OCLCO</subfield><subfield code="d">OCLCA</subfield></datafield><datafield ind1=" " ind2=" " tag="019"><subfield code="a">9168816</subfield></datafield><datafield ind1="1" ind2=" " tag="029"><subfield code="a">AU@</subfield><subfield code="b">000025874454</subfield></datafield><datafield ind1=" " ind2=" " tag="042"><subfield code="a">msc</subfield></datafield><datafield ind1=" " ind2=" " tag="043"><subfield code="a">n-us-ar</subfield></datafield><datafield ind1=" " ind2="4" tag="082"><subfield code="a">287.605</subfield></datafield><datafield ind1="0" ind2=" " tag="130"><subfield code="a">Arkansas Methodist (Little Rock, Ark. : 1881)</subfield></datafield><datafield ind1="0" ind2="0" tag="245"><subfield code="a">Arkansas Methodist.</subfield></datafield><datafield ind1=" " ind2=" " tag="260"><subfield code="a">Little Rock, Ark. :</subfield><subfield code="b">[s.n.],</subfield><subfield code="c">1881-</subfield></datafield><datafield ind1=" " ind2=" " tag="300"><subfield code="a">v. :</subfield><subfield code="b">ill., ports.</subfield></datafield><datafield ind1=" " ind2=" " tag="310"><subfield code="a">Weekly</subfield></datafield><datafield ind1="0" ind2=" " tag="362"><subfield code="a">Vol. 1, no. 1 (1881)-v. 25, no. 4 (Jan. 24. 1906).</subfield></datafield><datafield ind1=" " ind2=" " tag="500"><subfield code="a">"Devoted to the interests of the Methodist Episcopal Church, South, in Arkansas."</subfield></datafield><datafield ind1="2" ind2="0" tag="610"><subfield code="a">Methodist Episcopal Church, South</subfield><subfield code="z">Arkansas</subfield><subfield code="v">Newspapers.</subfield></datafield><datafield ind1=" " ind2="7" tag="655"><subfield code="a">Newspapers.</subfield><subfield code="2">fast</subfield><subfield code="0">(OCoLC)fst01423814</subfield></datafield><datafield ind1="2" ind2="7" tag="610"><subfield code="a">Methodist Episcopal Church, South.</subfield><subfield code="2">fast</subfield><subfield code="0">(OCoLC)fst00541686</subfield></datafield><datafield ind1=" " ind2="7" tag="651"><subfield code="a">Arkansas.</subfield><subfield code="2">fast</subfield><subfield code="0">(OCoLC)fst01204809</subfield></datafield><datafield ind1="2" ind2=" " tag="710"><subfield code="a">Methodist Episcopal Church, South.</subfield></datafield><datafield ind1=" " ind2=" " tag="752"><subfield code="a">United States</subfield><subfield code="b">Arkansas</subfield><subfield code="c">Pulaski</subfield><subfield code="d">Little Rock.</subfield></datafield><datafield ind1="0" ind2="4" tag="785"><subfield code="t">Western Christian advocate (Ardmore, Okla.)</subfield><subfield code="w">(DLC)sn 92072423</subfield></datafield><datafield ind1=" " ind2=" " tag="938"><subfield code="a">Kirtas Technologies, Inc.</subfield><subfield code="b">KRTS</subfield><subfield code="n">735920</subfield></datafield></record>